<record><leader>00000cas a22000007a 4500</leader><controlfield tag="001">18432935</controlfield><controlfield tag="008">880831d19171935iduwr ne      0    0eng d</controlfield><datafield ind1=" " ind2=" " tag="010"><subfield code="a">sn 88056014 </subfield></datafield><datafield ind1=" " ind2=" " tag="040"><subfield code="a">NVB</subfield><subfield code="b">eng</subfield><subfield code="c">NVB</subfield><subfield code="d">OCLCQ</subfield></datafield><datafield ind1=" " ind2=" " tag="043"><subfield code="a">n-us-id</subfield></datafield><datafield ind1="0" ind2="4" tag="245"><subfield code="a">The Bancroft standard.</subfield></datafield><datafield ind1=" " ind2=" " tag="260"><subfield code="a">Bancroft, Idaho :</subfield><subfield code="b">J.F. Whiney</subfield></datafield><datafield ind1=" " ind2=" " tag="300"><subfield code="a">v.</subfield></datafield><datafield ind1=" " ind2=" " tag="310"><subfield code="a">Weekly</subfield></datafield><datafield ind1="1" ind2=" " tag="362"><subfield code="a">Began in 1917? Ceased in 1935.</subfield></datafield><datafield ind1=" " ind2=" " tag="588"><subfield code="a">Description based on: Vol. 23, no. 30 (Jan. 20, 1933).</subfield></datafield><datafield ind1=" " ind2="0" tag="651"><subfield code="a">Bancroft (Idaho)</subfield><subfield code="v">Newspapers.</subfield></datafield><datafield ind1=" " ind2=" " tag="752"><subfield code="a">United States</subfield><subfield code="b">Idaho</subfield><subfield code="c">Bannock</subfield><subfield code="d">Bancroft.</subfield></datafield><datafield ind1=" " ind2=" " tag="752"><subfield code="a">United States</subfield><subfield code="b">Idaho</subfield><subfield code="c">Caribou</subfield><subfield code="d">Bancroft.</subfield></datafield><datafield ind1="0" ind2="0" tag="780"><subfield code="t">Bancroft dry farmer</subfield></datafield><datafield ind1="0" ind2="0" tag="785"><subfield code="t">Lava Hot Springs bulletin and the Bancroft standard</subfield><subfield code="w">(DLC)sn 89055181</subfield></datafield></record>